%% -*- fill-column: 1000; -*-

@Book{bib:5mqwrupa,
  author       = {Halmos, Paul R.},
  title        = {Naive set theory},
  year         = 1960,
  series       = {The University Series in Undergraduate Mathematics},
  publisher    = {D. van Nostrand Company},
  zbmathopen   = {0087.04403}
}

@Online{bib:7k2n4jtn,
  author       = {Clausen, Dustin and Scholze, Peter},
  title        = {Condensed mathematics and complex geometry},
  date         = 2022,
  url          = {https://people.mpim-bonn.mpg.de/scholze/Complex.pdf},
  urldate      = {2023-11-04}
}

@Online{bib:872u2noz,
  author       = {Scholze, Peter},
  title        = {Lectures on condensed mathematics},
  date         = 2019,
  url          = {https://people.mpim-bonn.mpg.de/scholze/Condensed.pdf},
  urldate      = {2023-11-04}
}

@Book{bib:9sllxrov,
  author       = {Enderton, Herbert B.},
  title        = {Elements of set theory},
  year         = 1977,
  publisher    = {Academic Press},
  zbmathopen   = {0383.03034}
}

@Book{bib:embpmrus,
  author       = {Sierpi\'nski, Wac{\l}aw},
  title        = {Cardinal and ordinal numbers},
  year         = 1965,
  volume       = 34,
  edition      = {2nd ed. revised},
  series       = {Monografie Matematyczne},
  publisher    = {PWN \textemdash\ Polish Scientific Publishers},
  zbmathopen   = {0131.24801}
}

@Book{bib:gtw98amm,
  author       = {Johnstone, P. T.},
  title        = {Notes on logic and set theory},
  year         = 1987,
  series       = {Cambridge Mathematical Textbooks},
  publisher    = {Cambridge University Press},
  zbmathopen   = {0642.03001}
}

@Book{bib:h8xsxpp7,
  author       = {van Dalen, Dirk and Doets, H. C. and de Swart, H.},
  title        = {Sets: Naive, axiomatic and applied},
  year         = 1978,
  subtitle     = {A basic compendium with exercises for use in set theory for non-logicians, working and teaching mathematicians and students},
  volume       = 106,
  series       = {International series in pure and applied mathematics},
  publisher    = {Pergamon Press},
  zbmathopen   = {0407.04001}
}

@Online{bib:iy49ytm3,
  author       = {Scholze, Peter},
  title        = {Lectures on analytic geometry},
  date         = 2019,
  url          = {https://people.mpim-bonn.mpg.de/scholze/Analytic.pdf},
  urldate      = {2023-11-04}
}

@Article{bib:je0dhslq,
  author       = {Bourbaki, Nicolas},
  title        = {Sur le th\'eor\`eme de Zorn},
  journal      = {Archiv der Mathematik},
  year         = 1951,
  volume       = 2,
  pages        = {434--437},
  doi          = {10.1007/BF02036949},
  Zbmathopen   = {0045.32902}
}

@Book{bib:lmhdqwpw,
  author       = {Bourbaki, Nicolas},
  title        = {Theory of sets},
  year         = 2004,
  series       = {Elements of mathematics},
  note         = {Reprint of the 1968 English translation of the French original},
  publisher    = {Springer},
  zbmathopen   = {1061.03001}
}

@Book{bib:lsf6zq1g,
  author       = {Smullyan, Raymond M. and Fitting, Melvin},
  title        = {Set theory and the continuum problem},
  year         = 1996,
  volume       = 34,
  series       = {Oxford Logic Guides},
  publisher    = {Clarendon Press},
  Zbmathopen   = {0888.03032}
}

@Book{bib:o1wa8bkt,
  author       = {Jech, Thomas},
  title        = {Set theory},
  year         = 2003,
  edition      = {Third millennium edition},
  series       = {Springer Monographs in Mathematics},
  publisher    = {Springer},
  doi          = {10.1007/3-540-44761-X},
  zbmathopen   = {1007.03002}
}

@Book{bib:q9d2qz8k,
  author       = {Kunen, Kenneth},
  title        = {Set theory},
  year         = 1980,
  subtitle     = {An introduction to independence proofs},
  volume       = 102,
  series       = {Studies in Logic and the Foundations of Mathematics},
  publisher    = {Elsevier},
  zbmathopen   = {0443.03021}
}

@Book{bib:uw2wsr3k,
  author       = {Komj\'ath, P\'eter and Totik, Vilmos},
  title        = {Problems and theorems in classical set theory},
  year         = 2006,
  series       = {Problem Books in Mathematics},
  publisher    = {Springer},
  doi          = {10.1007/0-387-36219-3},
  zbmathopen   = {1103.03041}
}

